@Preamble{"\def\germ{\frak} \def\scr{\cal}
 \ifx\documentclass\undefinedcs
      \def\bf{\fam\bffam\tenbf}\def\rm{\fam0\tenrm}\fi
                          % f**k-amstex!
 \def\defaultdefine#1#2{\expandafter\ifx\csname#1\endcsname\relax
 \expandafter\def\csname#1\endcsname{#2}\fi}
 \defaultdefine{Bbb}{\bf}   \defaultdefine{frak}{\bf}
  \defaultdefine{=}{\B}   % doublef**k-amstex!!
  \defaultdefine{mathfrak}{\frak}
       \defaultdefine{mathbb}{\bf}
       \defaultdefine{mathcal}{\cal}
      \defaultdefine{beth}{BETH}\defaultdefine{cal}{\bf}
     \def\bbfI{{\Bbb I}}   \def\mbox{\hbox}  \def\text{\hbox}
   \def\om{\omega}    \def\Cal#1{{\bf #1}} \def\pcf{pcf}
        \defaultdefine{cf}{cf}
    \defaultdefine{reals}{{\Bbb R}} \defaultdefine{real}{{\Bbb R}}
   \def\restriction{{|}}  \def\club{CLUB}
   \def\w{\omega} \def\exist{\exists}
   \def\se{{\germ se}}     \def\bb{{\bf b}}
   \def\equivalence{\equiv}
   \let\lt<  \let\gt>
           "}




@Book{Broggi2009,
author="Broggi, Alberto
and Cerri, Pietro
and Grisleri, Paolo
and Paterlini, Marco",
editor="Foggia, Pasquale
and Sansone, Carlo
and Vento, Mario",
title="Boat Speed Monitoring Using Artificial Vision",
bookTitle="Image Analysis and Processing -- ICIAP 2009: 15th International Conference Vietri sul Mare, Italy, September 8-11, 2009 Proceedings",
year="2009",
publisher="Springer Berlin Heidelberg",
address="Berlin, Heidelberg",
pages="327--336",
isbn="978-3-642-04146-4",
doi="10.1007/978-3-642-04146-4_36",
url="http://dx.doi.org/10.1007/978-3-642-04146-4_36"
}

@article{Keller201684,
title = "Monitoring boat-based recreational fishing effort at a nearshore artificial reef with a shore-based camera ",
journal = "Fisheries Research ",
volume = "181",
number = "",
pages = "84 - 92",
year = "2016",
note = "",
issn = "0165-7836",
doi = "http://dx.doi.org/10.1016/j.fishres.2016.03.025",
url = "http://www.sciencedirect.com/science/article/pii/S0165783616300935",
author = "Krystle Keller and Aldo S. Steffe and Michael Lowry and Jeffrey J. Murphy and Iain M. Suthers"
}

@INPROCEEDINGS{Radar4653898, 
author={P. L. Herselman and H. J. de Wind}, 
booktitle={2008 International Conference on Radar}, 
title={Improved covariance matrix estimation in spectrally inhomogeneous sea clutter with application to adaptive small boat detection}, 
year={2008}, 
pages={94-99}, 
keywords={boats;clutter;covariance matrices;microwave devices;radar detection;radar resolution;adaptive small boat detection;asymptotically optimal coherent detection;boat manoeuvres;covariance matrix estimation;linear quadratic detector;medium resolution X-band radar;self-masking;spectrally inhomogeneous sea clutter;Boats;Clutter;Covariance matrix;Detectors;Filters;Frequency estimation;Interference;Radar cross section;Radar detection;Random processes}, 
doi={10.1109/RADAR.2008.4653898}, 
ISSN={1097-5764}, 
month={Sept}}



@article{Ryu2012116,
title = "Continuous observation of tree leaf area index at ecosystem scale using upward-pointing digital cameras ",
journal = "Remote Sensing of Environment ",
volume = "126",
number = "",
pages = "116 - 125",
year = "2012",
note = "",
issn = "0034-4257",
doi = "http://dx.doi.org/10.1016/j.rse.2012.08.027",
url = "http://www.sciencedirect.com/science/article/pii/S003442571200346X",
author = "Youngryel Ryu and Joseph Verfaillie and Craig Macfarlane and Hideki Kobayashi and Oliver Sonnentag and Rodrigo Vargas and Siyan Ma and Dennis D. Baldocchi"
}

@INPROCEEDINGS{Hyperspectra001,
title = {Hyperspectral Image Analysis for Plant Stress Detection},
booktitle= {American Society of Agricultural and Biological Engineers },
year = {2010},
note = {doi:10.13031/2013.29814},
author = {Yunseop Kim and David M Glenn and  Johnny Park and Henry K Ngugi and Brian L Lehman}
}

@inproceedings{Hart:2012:CIF:2425836.2425891,
 author = {Hart, N. H. and Huang, L.},
 title = {Counting Insects in Flight Using Image Processing Techniques},
 booktitle = {Proceedings of the 27th Conference on Image and Vision Computing New Zealand},
 series = {IVCNZ '12},
 year = {2012},
 isbn = {978-1-4503-1473-2},
 location = {Dunedin, New Zealand},
 pages = {274--278},
 numpages = {5},
 url = {http://doi.acm.org/10.1145/2425836.2425891},
 doi = {10.1145/2425836.2425891},
 acmid = {2425891},
 publisher = {ACM},
 address = {New York, NY, USA},
 keywords = {FIJI, WEKA, data mining, fast random forest, image processing, insects, machine vision, native bees, solitary bees}
} 

@INPROCEEDINGS{Bee1247421, 
author={V. Estivill-Castro and D. Lattin and F. Suraweera and V. Vithanage}, 
booktitle={Image Processing, 2003. ICIP 2003. Proceedings. 2003 International Conference on}, 
title={Tracking bees - a 3D, outdoor small object environment}, 
year={2003}, 
volume={3}, 
pages={III-1021-4 vol.2}, 
keywords={botany;image segmentation;image sequences;motion estimation;tracking;zoology;3 S;bees tracking;fruit yield;image segmentation;image sequence processing;macadamia tree pollination;motion detection;motion estimation;outdoor small object environment;reproductive biology;uncontrolled illumination environment;Australia;Cameras;Crops;Image segmentation;Information technology;Insects;Lighting;Motion detection;Target tracking;Vehicles}, 
doi={10.1109/ICIP.2003.1247421}, 
ISSN={1522-4880}, 
month={Sept}}


 
@inproceedings{Balch:2001:ATA:375735.376434,
 author = {Balch, Tucker and Khan, Zia and Veloso, Manuela},
 title = {Automatically Tracking and Analyzing the Behavior of Live Insect Colonies},
 booktitle = {Proceedings of the Fifth International Conference on Autonomous Agents},
 series = {AGENTS '01},
 year = {2001},
 isbn = {1-58113-326-X},
 location = {Montreal, Quebec, Canada},
 pages = {521--528},
 numpages = {8},
 url = {http://doi.acm.org/10.1145/375735.376434},
 doi = {10.1145/375735.376434},
 acmid = {376434},
 publisher = {ACM},
 address = {New York, NY, USA}
} 

@inproceedings{BeeFrequency,
 author = {Altshuler, D. L. and Dickson, W. B. and  Vance, J. T.and Roberts,  S. P., and Dickinson, M. H.},
 title = {Short-amplitude high-frequency wing strokes determine the aerodynamics of honeybee flight},
 booktitle = {Proceedings of the National Academy of Sciences of the United States of America},
 year = {2005},
 isbn = { 18213â€“18218},
 url = { http://doi.org/10.1073/pnas.0506590102}
} 

@INPROCEEDINGS{Choi6163031, 
author={J. Choi and Y. Dumortier and S. I. Choi and M. B. Ahmad and G. Medioni}, 
booktitle={Applications of Computer Vision (WACV), 2012 IEEE Workshop on}, 
title={Real-time 3-D face tracking and modeling from awebcam}, 
year={2012}, 
pages={33-40}, 
keywords={cameras;computer graphics;face recognition;feature extraction;graphics processing units;image matching;image restoration;pose estimation;solid modelling;2D landmark extraction;3D head pose estimation;BU head tracking dataset;PnP process;RANSAC process;Webcam;facial expression variation;feature extraction;feature point matching;frontal image feature point;generic 3D face model;motion blurring;occlusion;real-time 3D face tracking;single frontal image;standard CPU card;standard GPU card;video storage;Cameras;Computational modeling;Face;Feature extraction;Solid modeling;Tracking}, 
doi={10.1109/WACV.2012.6163031}, 
ISSN={1550-5790}, 
month={Jan}}

@Inbook{Oye2012,
author="{\O}ye, Ola Kristoffer
and Wein, Wolfgang
and Ulvang, Dag Magne
and Matre, Knut
and Viola, Ivan",
editor="Ayache, Nicholas
and Delingette, Herv{\'e}
and Golland, Polina
and Mori, Kensaku",
title="Real Time Image-Based Tracking of 4D Ultrasound Data",
bookTitle="Medical Image Computing and Computer-Assisted Intervention -- MICCAI 2012: 15th International Conference, Nice, France, October 1-5, 2012, Proceedings, Part I",
year="2012",
publisher="Springer Berlin Heidelberg",
address="Berlin, Heidelberg",
pages="447--454",
isbn="978-3-642-33415-3",
doi="10.1007/978-3-642-33415-3_55",
url="http://dx.doi.org/10.1007/978-3-642-33415-3_55"
}

@article{Fischler:1981:RSC:358669.358692,
 author = {Fischler, Martin A. and Bolles, Robert C.},
 title = {Random Sample Consensus: A Paradigm for Model Fitting with Applications to Image Analysis and Automated Cartography},
 journal = {Commun. ACM},
 issue_date = {June 1981},
 volume = {24},
 number = {6},
 month = jun,
 year = {1981},
 issn = {0001-0782},
 pages = {381--395},
 numpages = {15},
 url = {http://doi.acm.org/10.1145/358669.358692},
 doi = {10.1145/358669.358692},
 acmid = {358692},
 publisher = {ACM},
 address = {New York, NY, USA},
 keywords = {automated cartography, camera calibration, image matching, location determination, model fitting, scene analysis}
} 

@ARTICLE{Pose7102713, 
author={K. Pauwels and L. Rubio and E. Ros}, 
journal={IEEE Transactions on Circuits and Systems for Video Technology}, 
title={Real-time Pose Detection and Tracking of Hundreds of Objects}, 
year={2015}, 
volume={PP}, 
number={99}, 
pages={1-1}, 
keywords={Adaptive optics;Feature extraction;Graphics processing units;Integrated optics;Optical imaging;Shape;Tracking;benchmarking;graphics processing unit (GPU);model-based object pose estimation;optical flow;real time;stereo}, 
doi={10.1109/TCSVT.2015.2430652}, 
ISSN={1051-8215}, 
month={}}

@misc{EM1,
	author = {Maria Jose Pria and Howard McElderry and Steve Oh and Alayna Siddall and Roth Wehrell},
	title = {Use of a video electronic monitoring system to estimate catch on groundfish fixed gear vessels in california: a pilot study},
	note = {{Archipelago Marine Research Ltd, British Columbia, Canada}},
	year = {2008}
}



@Inbook{EM2,
author="Farron Wallace and Kresimir Williams and Rick Towler and Katy McGauley",
title="Innovative Camera Applications for Electronic Monitoring",
bookTitle="Fisheries Bycatch: Global Issues and Creative Solutions",
year="2015",
publisher="Alaska Sea Grant Bookstore",
url="http://doi.org/10.4027/fbgics.2015.06"
}

@article{Atanbori2015,
title = "Automatic classification of flying bird species using computer vision techniques ",
journal = "Pattern Recognition Letters ",
volume = "",
number = "",
pages = " - ",
year = "2015",
note = "",
issn = "0167-8655",
doi = "http://dx.doi.org/10.1016/j.patrec.2015.08.015",
url = "http://www.sciencedirect.com/science/article/pii/S0167865515002743",
author = "John Atanbori and Wenting Duan and John Murray and Kofi Appiah and Patrick Dickinson",
keywords = "Fine-grained classification",
keywords = "Computer vision",
keywords = "Ecology",
keywords = "Bird species",
keywords = "Motion features",
keywords = "Appearance features "
}


@misc{Seabird1,
	author = {{University of Lincoln}},
	title = {Monitoring Nesting Seabirds using Computer Vision},
	url = {{
http://gtr.rcuk.ac.uk/projects?ref=EP/H017143/1}},
	year = {2015}
}

@INPROCEEDINGS{Naemura7351607, 
author={R. Yoshihashi and R. Kawakami and M. Iida and T. Naemura}, 
booktitle={Image Processing (ICIP), 2015 IEEE International Conference on}, 
title={Construction of a bird image dataset for ecological investigations}, 
year={2015}, 
pages={4248-4252}, 
keywords={computerised monitoring;ecology;image recognition;image resolution;object detection;time series;visual databases;wind power plants;wind turbines;aerial objects;automated bird monitoring system;bird image dataset construction;bird species categorization;bird strike impact;bounding boxes;collision risks;ecological investigations;low-resolution images;telephoto setup;time-series images;two-class categorization;wind farm;wind turbines;Benchmark testing;Birds;Image resolution;Labeling;Monitoring;Wind farms;Wind turbines;Image recognition;ecological conservation;image dataset;object detection}, 
doi={10.1109/ICIP.2015.7351607}, 
month={Sept}}

@article {Strawrsif20100230,
	author = {Straw, Andrew D. and Branson, Kristin and Neumann, Titus R. and Dickinson, Michael H.},
	title = {Multi-camera real-time three-dimensional tracking of multiple flying animals},
	year = {2010},
	doi = {10.1098/rsif.2010.0230},
	publisher = {The Royal Society},	
	issn = {1742-5689},
	URL = {http://rsif.royalsocietypublishing.org/content/early/2010/07/13/rsif.2010.0230},
	eprint = {http://rsif.royalsocietypublishing.org/content/early/2010/07/13/rsif.2010.0230.full.pdf},
	journal = {Journal of The Royal Society Interface}
}

@article{Kashiha28072014,
author = {Kashiha, Mohammad Amin and Green, Angela R. and Sales, Tatiana Glogerley and Bahr, Claudia and Berckmans, Daniel and Gates, Richard S.}, 
title = {Performance of an image analysis processing system for hen tracking in an environmental preference chamber},
year = {2014}, 
doi = {10.3382/ps.2014-04078}, 
URL = {http://ps.oxfordjournals.org/content/early/2014/07/26/ps.2014-04078.abstract}, 
eprint = {http://ps.oxfordjournals.org/content/early/2014/07/26/ps.2014-04078.full.pdf+html}, 
journal = {Poultry Science} 
}

@ARTICLE{Underwater6898002, 
author={M. C. Chuang and J. N. Hwang and K. Williams and R. Towler}, 
journal={IEEE Transactions on Circuits and Systems for Video Technology}, 
title={Tracking Live Fish From Low-Contrast and Low-Frame-Rate Stereo Videos}, 
year={2015}, 
volume={25}, 
number={1}, 
pages={167-179}, 
ISSN={1051-8215}, 
month={Jan}}

@Inbook{Beyan2016,
author="Beyan, Cigdem",
editor="Fisher, B. Robert
and Chen-Burger, Yun-Heh
and Giordano, Daniela
and Hardman, Lynda
and Lin, Fang-Pang",
title="Fish Behavior Analysis",
bookTitle="Fish4Knowledge: Collecting and Analyzing Massive Coral Reef Fish Video Data",
year="2016",
publisher="Springer International Publishing",
address="Cham",
pages="161--179",
isbn="978-3-319-30208-9",
doi="10.1007/978-3-319-30208-9_12",
url="http://dx.doi.org/10.1007/978-3-319-30208-9_12"
}

@article{Hillis:1986:DPA:7902.7903,
 author = {Hillis, W. Daniel and Steele,Jr., Guy L.},
 title = {Data Parallel Algorithms},
 journal = {Commun. ACM},
 issue_date = {Dec. 1986},
 volume = {29},
 number = {12},
 month = dec,
 year = {1986},
 issn = {0001-0782},
 pages = {1170--1183},
 numpages = {14},
 url = {http://doi.acm.org/10.1145/7902.7903},
 doi = {10.1145/7902.7903},
 acmid = {7903},
 publisher = {ACM},
 address = {New York, NY, USA}
} 

@article{MAL-006,
url = {http://dx.doi.org/10.1561/2200000006},
year = {2009},
volume = {2},
journal = {Foundations and TrendsÂ® in Machine Learning},
title = {{Learning Deep Architectures for AI}},
doi = {10.1561/2200000006},
issn = {1935-8237},
number = {1},
pages = {1-127},
author = {Yoshua Bengio}
}

@ARTICLE{Auto5475165, 
author={B. Ando and S. Baglio and C. Trigona}, 
journal={IEEE Instrumentation Measurement Magazine}, 
title={Autonomous sensors: From standard to advanced solutions [Instrumentation notes]}, 
year={2010}, 
volume={13}, 
number={3}, 
pages={33-37}, 
keywords={Batteries;Energy management;Humans;Instruments;Kinetic energy;Mechanical sensors;Power supplies;Sensor systems and applications;Temperature sensors;Wireless sensor networks}, 
doi={10.1109/MIM.2010.5475165}, 
ISSN={1094-6969}, 
month={June}}

@misc{Pi3,
	author = {{Raspberry PI}},
	title = {Raspberry PI 3.0 benchmarks},
	url = {{
https://www.raspberrypi.org/magpi/raspberry-pi-3-specs-benchmarks/}},
	year = {2016}
}

@misc{Jetson,
	author = {{NVIDIA}},
	title = {Jetson Tk1},
	url = {{http://elinux.org/Jetson_TK1}},
	year = {2014}
}

@misc{Zigbee,
	author = {Zigbee Alliance},
	title = {ZigBeeÂ® Technology},
	url = {{http://www.zigbee.org/}}
}

@misc{LORA,
	author={{Semtech}},
	title={{LORA technology}},
	howpublished = {{http://www.semtech.com/wireless-rf/rf-transceivers/}},
	year={}
}

@article{Hillis:1986:DPA:7902.7903,
 author = {Hillis, W. Daniel and Steele,Jr., Guy L.},
 title = {Data Parallel Algorithms},
 journal = {Commun. ACM},
 issue_date = {Dec. 1986},
 volume = {29},
 number = {12},
 month = dec,
 year = {1986},
 issn = {0001-0782},
 pages = {1170--1183},
 numpages = {14},
 url = {http://doi.acm.org/10.1145/7902.7903},
 doi = {10.1145/7902.7903},
 acmid = {7903},
 publisher = {ACM},
 address = {New York, NY, USA}
} 

@article{stava2010connected,
  title={Connected component labeling in CUDA},
  author={Stava, O and Benes, B},
  journal={Hwu., WW (Ed.), GPU Computing Gems},
  year={2010}
}

@article{DBLP:journals_fuin_RoerdinkM00,
  author    = {Jos B. T. M. Roerdink and
               Arnold Meijster},
  title     = {The Watershed Transform: Definitions, Algorithms and Parallelization
               Strategies},
  journal   = {Fundam. Inform.},
  volume    = {41},
  number    = {1-2},
  pages     = {187--228},
  year      = {2000},
  url       = {http://dx.doi.org/10.3233/FI-2000-411207},
  doi       = {10.3233/FI-2000-411207},
  timestamp = {Mon, 12 Sep 2011 16:10:15 +0200},
  biburl    = {http://dblp.uni-trier.de/rec/bib/journals/fuin/RoerdinkM00},
  bibsource = {dblp computer science bibliography, http://dblp.org}
}

@InProceedings{CCL,
	author={{Fu Chang} and {Chun-Jen Chen} and {Chi-Jen Lu}},
	title={A linear-time component-labeling algorithm using contour tracing technique},
	year={2003},
	publisher={Computer Vision and Image Understanding 2003, Science Direct}
}